% ------------------------------------------------------------------------
% BIBLIOGRAFIA
% ------------------------------------------------------------------------

@BOOK{link01,
  AUTHOR =       {Image Metrics},
  TITLE =        {Emily},
  NOTE =         {\url{http://www.youtube.com/watch?gl=PL&hl=pl&v=bLiX5d3rC6o}},
  YEAR =         {2007},
  PUBLISHER =    { }
}

@BOOK{link04,
  AUTHOR =       {Singular},
  TITLE =        {FaceGen},
  NOTE =         {\url{http://facegen.com/}},
  YEAR =         {2006},
  PUBLISHER =    { }
}

@BOOK{link05,
  AUTHOR =       {Abalone LLC.},
  TITLE =        {FaceShop},
  NOTE =         {\url{http://www.abalonellc.com/}},
  YEAR =         {2007},
  PUBLISHER =    { }
}

@BOOK{link06,
  AUTHOR =       {Antti Lehtinen},
  TITLE =        {3D Modeling a Human Head},
  NOTE =         {\url{http://www.secondpicture.com/tutorials/3d/3d_modeling_of_a_human_head_3ds_max_01.html}},
  YEAR =		 {2007},
  PUBLISHER =    { }
}

@BOOK{link07,
  AUTHOR =       {Carlos R. Bisquertt},
  TITLE =        {Detailed Head Modelingby},
  NOTE =         {\url{http://www.cgarena.com/freestuff/tutorials/misc/headmodeling/index.html}},
  YEAR =         { },
  PUBLISHER =    { }
}

@BOOK{link08,
  AUTHOR =       {Laser Design Inc},
  TITLE =        {3D Laser Scanning},
  NOTE =         {\url{http://www.laserdesign.com/learn_more.aspx}},
  YEAR =         { },
  PUBLISHER =    { }
}

@BOOK{link09,
  AUTHOR =       { },
  TITLE =        {VideoTrace},
  NOTE =         {\url{http://www.acvt.com.au/research/videotrace/}},
  YEAR =         { },
  PUBLISHER =    { }
}

% *
@BOOK{link10,
  AUTHOR =       {HAU HING CHAU, XIAOJUAN CHEN, ALISON McKAY, ALAN de PENNINGTON},
  TITLE =        {Evaluation Of a 3d Shape Grammar Implementation},
  NOTE =         {\url{leva.leeds.ac.uk/shape-grammars/papers/dcc04-19-chau.pdf}},
  YEAR =         {2004},
  PUBLISHER =    { }
}

@BOOK{link11,
  AUTHOR =       { },
  TITLE =        {Polygon mesh},
  NOTE =         {\url{http://en.wikipedia.org/wiki/Polygon_mesh}},
  YEAR =         { },
  PUBLISHER =    { }
}

@BOOK{link12,
  AUTHOR =       {Charles Petzold},
  TITLE =        {3D Mesh Geometries},
  NOTE =         {\url{http://msdn.microsoft.com/en-us/magazine/cc163449.aspx}},
  YEAR =         { },
  PUBLISHER =    { }
}

@BOOK{wiki01,
  AUTHOR =       { },
  TITLE =        {Gramatyka},
  NOTE =         {\url{http://pl.wikipedia.org/wiki/Gramatyka}},
  YEAR =         {2011},
  PUBLISHER =    {Wikipedia}
}

@BOOK{wiki02,
  AUTHOR =       { },
  TITLE =        {Język formalny},
  NOTE =         {\url{http://pl.wikipedia.org/wiki/Język_formalny}},
  YEAR =         {2011},
  PUBLISHER =    {Wikipedia}
}

@BOOK{bayramoglu,
  AUTHOR =       {Hatice Bayramoglu},
  TITLE =        {Head modeling},
  NOTE =         {\url{http://www.3dtotal.com/team/Tutorials_3/head_modeling_3dsmax/head_modeling_3dsmax_01.php}},
  YEAR =         { },
  PUBLISHER =    {3D Total Tutorials}
}

@BOOK{abop,
  AUTHOR =       {Przemysław Prusinkiewicz, Aristid Lindenmayer},
  TITLE =        {The Algorithmic Beauty of Plants (The Virtual Laboratory)},
  YEAR =         {1990},
  PUBLISHER =    {Springer Science+Business Media}
}

@BOOK{lindenmeyer,
  AUTHOR =       { },
  TITLE =        {L-system},
  NOTE =         {\url{http://pl.wikipedia.org/wiki/L-system}},
  YEAR =         { },
  PUBLISHER =    {Wikipedia}
}

@BOOK{ls01,
  AUTHOR =       {Takashi Ijiri, Shigeru Owada, Takeo Igarashi},
  TITLE =        {The Sketch L-System: Global Control of Tree Modeling Using Free-form Strokes},
  NOTE =         {\url{http://www-ui.is.s.u-tokyo.ac.jp/~ijiri/SketchLSystem/index.html}},
  YEAR =         { },
  PUBLISHER =    { }
}

@BOOK{ls02,
  AUTHOR =       {Houdini},
  TITLE =        {L-system Essentials},
  NOTE =         {\url{http://www.cmivfx.com/tutorials/view/51/Houdini+L-System+Essentials+1}},
  YEAR =         { },
  PUBLISHER =    { }
}

@BOOK{chomsky,
  AUTHOR =       {Noam Chomsky},
  TITLE =        {Syntactic Structures},
  YEAR =         {1957},
  PUBLISHER =    {Haga/Paryż}
}

@BOOK{chanda,
  AUTHOR =       {Gaurav Chanda, Frank Dellaert},
  TITLE =        {Grammatical Methods in Computer Vision},
  YEAR =         {2004},
  PUBLISHER =    {Georgia Institute of Technology}
}

% *
@BOOK{dabrowski,
  AUTHOR =       {Tomasz Dąbrowski},
  TITLE =        {Proceduralne modelowanie stworów w Suboceanic},
  NOTE =         {\url{http://moonedit.com/tom/stworkifin.pdf}},
  YEAR =         {2007},
  PUBLISHER =    { }
}

@BOOK{multiview,
  AUTHOR =       {Tong-Yee Lee, Ping-Hsien Lin, Tz-Hsien Yang},
  TITLE =        {Photo-realistic 3D Head Modeling Using Multi-view Images},
  YEAR =         {2007},
  PUBLISHER =    {Computational Science and Its Applications}
}

@BOOK{facialstudio,
  AUTHOR =       {itLocation},
  TITLE =        {Facial Studio},
  NOTE =         {\url{http://en.itlocation.com/software/prd59412,,.htm}},
  YEAR =         { },
  PUBLISHER =    { },
}

% *
@BOOK{multiview02,
  AUTHOR =       {Dao Minh Lam, Ruizhi Z. Hong, Guilherme N. DeSouza},
  TITLE =        {3D human modeling using virtual multi-view stereopsis and object-camera motion estimation},
  YEAR =         {2009},
  PUBLISHER =    {IEEE}
}

% *
@BOOK{gaudi,
  AUTHOR =       {Szymon Adamczyk, Paweł Baron},
  TITLE =        {Analiza możliwości stworzenia formalizmu dla generowania w grafice 3D obiektów architektonicznych w stylu Antonio Gaudiego},
  YEAR =         {2006},
  PUBLISHER =    {AGH}
}